3020 4876
645 327 797 380 INIIAL'I'.
1262 319 1312 364 Vn*

1247 471 1310 513 Sslts

189 547 280 614 VIV(
280 548 348 620 II.)
384 548 525 599 Phaedrus
562 585 1239 604 ..........................
1276 543 1311 591 42

177 632 282 698 VIIV(
282 631 344 698 ΠΙ),
389 632 508 697 Serpens
527 632 562 684 ad
579 633 686 682 fabrum
705 631 850 682 ferrarium
885 669 1240 685 ..............
1276 627 1310 674 44

164 717 299 783 vmpx

189 801 257 868 ΙΧ(

203 885 257 952 Χ(

189 968 257 1034 XI(

300 716 320 782 l.
390 716 494 782 Vulpes
513 721 542 766 et
559 731 643 782 ceper
671 753 1240 772 ......................
1277 711 1311 760 44

259 800 303 867 X).
386 797 428 850 De
447 800 526 850 vitiis
543 799 683 850 hominum
697 837 1241 856 ,,,,,,,,,,,,,,,,,,,,,
1277 795 1312 844 45

258 886 317 951 XI)
386 886 442 935 Pur
459 888 487 933 et
505 881 618 934 lucerna
640 917 1240 939 .......................
1276 879 1310 929 45

258 967 330 1035 XII)
386 968 475 1020 Malas
494 983 555 1019 esse
574 968 688 1019 dIvitias
724 1006 1240 1023 ....................
1278 961 1312 1012 45

178 1053 286 1120 XII(X
287 1053 346 1118 VI).
390 1053 432 1104 De
451 1053 546 1118 capris
560 1052 686 1102 barbatis
723 1089 1242 1106 ....................
1277 1045 1312 1095 45

106 1181 110 1189 ,
163 1139 231 1189 XIII
249 1137 357 1204 (XVII).
388 1137 431 1187 De
448 1136 567 1187 fortunis
584 1135 725 1187 hominum
751 1174 1240 1190 ...................
1276 1131 1310 1179 47

164 1221 230 1272 XIV
248 1220 343 1287 (XIX).
389 1221 517 1285 Serpens.
553 1220 745 1272 Misericordia
763 1219 865 1271 nociva
884 1259 1241 1276 ..............
1277 1219 1310 1266 47

178 1305 228 1355 XV
246 1304 327 1370 (XX),
385 1303 489 1369 Vulpes
508 1309 536 1354 et
554 1304 638 1355 draco
669 1342 1133 1358 ..................
1277 1301 1311 1350 47

165 1390 230 1441 XVI
249 1388 359 1456 (XXII).
387 1391 429 1440 De
449 1389 590 1441 Simonide
618 1428 1242 1444 ........................
1278 1385 1312 1435 49

152 1473 230 1525 XVII
249 1473 374 1540 (XXIIl).
386 1475 465 1525 Mons
483 1473 638 1540 parturiens
671 1513 1241 1528 ......................
1279 1470 1312 1521 59

138 1556 232 1607 XVIII
250 1556 371 1624 (XXIV).
385 1559 511 1609 Pumice
529 1562 557 1606 et
574 1572 668 1606 musca
702 1599 841 1610 ......
858 1541 861 1548 ’
862 1590 1241 1610 ...............
1278 1555 1312 1604 50

165 1641 231 1690 XIX
250 1639 356 1706 (XXV).
381 1645 468 1694 Poeta
481 1680 1241 1695 .............................
1277 1638 1310 1688 54

654 1963 747 2019 Liber
764 1961 800 2017 I.

234 2130 369 2196 Prologus
401 2168 1241 2187 ................................
1278 2127 1311 2177 53

191 2213 214 2262 Ι.
233 2214 392 2265 Demetrius
410 2231 459 2264 rex
477 2221 505 2266 et
522 2216 672 2266 Menander
690 2219 771 2280 poeta
807 2252 1242 2269 .................
1279 2211 1313 2261 54

179 2296 216 2346 11.
235 2296 363 2348 Viatores
382 2302 410 2348 et
427 2298 497 2349 latro
510 2338 1242 2353 ............................
1278 2296 1312 2345 54

164 2381 216 2430 III.
237 2380 339 2432 Calvus
359 2388 387 2432 et
405 2397 499 2432 musca
510 2421 1242 2436 ............................
1278 2380 1312 2429 55

165 2464 212 2514 lV.
232 2465 312 2514 Asini
330 2471 357 2515 et
376 2465 492 2530 porcelli
509 2506 1242 2520 ............................
1278 2463 1312 2513 55

178 2549 210 2598 V.
232 2548 332 2600 Scurra
351 2555 378 2600 et
394 2551 515 2600 rusticus
537 2587 1242 2604 ...........................
1279 2547 1313 2597 55

166 2632 214 2685 VI.
235 2631 335 2683 Calvus
354 2639 381 2683 et
399 2634 508 2699 quidam
526 2647 613 2696 aeque
632 2630 697 2698 pilis
715 2632 840 2684 defectus
860 2673 1241 2688 ...............
1278 2631 1311 2681 58

154 2717 216 2768 VII.
234 2717 367 2781 Princeps
385 2713 492 2768 tibicen
513 2752 1243 2772 ............................
1279 2713 1313 2765 59

30 2839 37 2852 ,
140 2801 217 2856 vnl,
236 2801 356 2865 Tempus
381 2838 1242 2855 .................................
1278 2798 1309 2848 54

165 2885 213 2936 IX.
233 2886 339 2936 Taurus
357 2889 385 2934 et
403 2885 506 2936 vitulus
535 2927 1242 2940 ...........................
1278 2884 1311 2934 51

178 2972 212 3020 Χ.
232 2970 317 3021 Oanis
335 2975 363 3020 et
382 2985 427 3020 sus
446 2974 474 3020 et
491 2975 605 3022 venator
615 3011 1133 3026 ....................
1154 3005 1160 3016 ·
1182 3013 1187 3024 .
1208 3012 1214 3024 .
1235 3011 1241 3024 .
1278 2969 1311 3021 52

644 3271 813 3339 Appendix.

275 3479 282 3493 .
367 3441 470 3491 Auctor
509 3481 1242 3495 ...........................
1279 3439 1312 3490 59

286 3566 291 3576 ,
369 3525 550 3575 Prometheus
568 3528 596 3574 et
613 3524 699 3575 Dolus
729 3563 1243 3581 ....................
1279 3521 1312 3570 54

274 3645 282 3658 .
368 3609 471 3658 Auctor
511 3641 1242 3663 ............................
1278 3605 1312 3655 55

286 3729 293 3741 .
367 3693 470 3743 Auctor
489 3732 1004 3747 ....................
1018 3730 1020 3734 -
1025 3726 1242 3745 .........
1279 3688 1312 3740 55

299 3823 304 3834 ,
367 3776 491 3842 Aesopus
510 3783 538 3827 et
556 3777 674 3840 scriptor
701 3816 1242 3831 .....................
1279 3774 1311 3825 57

313 3899 320 3912 ,
368 3861 514 3926 Pompeius
532 3860 651 3924 Magnus
671 3864 698 3910 et
716 3859 775 3910 eins
794 3857 872 3908 miles
887 3901 1241 3914 ..............
1278 3859 1311 3909 57

272 3979 280 3994 .
370 3947 454 3997 Pater
471 3944 592 3994 familias
612 3949 640 3994 et
657 3944 779 4010 Aesopus
808 3985 1242 3998 .................
1278 3943 1312 3992 58

289 4070 294 4080 .
374 4033 497 4096 Aesopus
515 4036 544 4081 et
562 4031 652 4081 vietor
670 4030 813 4096 gymnicus
832 4070 1242 4085 ................
1278 4027 1312 4079 59

300 4147 307 4163 .
373 4115 474 4165 Asinus
493 4113 527 4164 ad
545 4113 632 4178 lyram
669 4154 1241 4169 ......................
1278 4111 1312 4162 59

179 4201 203 4249 X
310 4238 317 4251 .
372 4194 467 4249 Gallus
484 4197 585 4248 leodos
604 4215 620 4248 a
638 4196 739 4248 felibus
758 4201 855 4249 vectus
887 4238 1242 4252 ..............
1278 4197 1312 4247 70

165 4284 206 4333 XI
223 4281 348 4348 (XVIII).
374 4283 494 4347 Aesopus
514 4286 542 4332 et
559 4296 655 4332 servus
673 4281 827 4346 profugus'
829 4321 1241 4335 ................
1278 4279 1311 4331 70

153 4367 207 4418 XII
224 4365 320 4432 (XIX).
373 4367 466 4429 Equus
485 4364 657 4432 quadrigalis
675 4363 705 4414 in
722 4365 868 4430 pistrinum
886 4364 1066 4416 venumdatus
1103 4400 1242 4420 ,,,,,,
1278 4364 1310 4415 71

140 4451 208 4502 XIII
226 4449 309 4516 (XX).
374 4448 460 4503 Ursus
479 4450 604 4502 esuriens
618 4484 1240 4506 ........................
1278 4448 1308 4498 'll
